@book{Strogatz2018,
author = {Steven H. Strogatz},
title = {Nonlinear Dynamics and Chaos with Applications to Physics, Biology, Chemistry, and Engineering},
publisher = {CRC Press},
year = {2018}
}